@article{kim2010human,
  title={Human activity recognition and pattern discovery},
  author={Kim, Eunju and Helal, Sumi and Cook, Diane},
  journal={IEEE Pervasive Computing/IEEE Computer Society [and] IEEE Communications Society},
  volume={9},
  number={1},
  pages={48},
  year={2010},
  publisher={NIH Public Access}
}

@article{cao2018gchar,
  title={GCHAR: An efficient Group-based Context—aware human activity recognition on smartphone},
  author={Cao, Liang and Wang, Yufeng and Zhang, Bo and Jin, Qun and Vasilakos, Athanasios V},
  journal={Journal of Parallel and Distributed Computing},
  volume={118},
  pages={67--80},
  year={2018},
  publisher={Elsevier}
}

@misc{PacientesParkinson,
  title = {Pacientes con Parkinson podrán medir sus síntomas usando una aplicación},
  howpublished = {https://elcomercio.pe/tecnologia/moviles/pacientes-parkinson-podran-medir-sintomas-app-143091},
  note = {Accessed: 2018-08-05}
}

@misc{MobilityLab,
  title = {Mobility Lab Archives - APDM},
  howpublished = {https://www.apdm.com/category/mobility-lab/},
  note = {Accessed: 2018-08-05}
}

@article{MonitoreoRemoto,
  title={Monitoreo remoto de pacientes con la enfermedad de Parkinson},
  author={Huerta, Mónica and Bravo, Marco and Bermeo, Alexander and Contreras, Roque},
  journal={Universidad Politécnica Salesiana, Telecommunications Group},
  year={2016},
}

@misc{Kaggle,
  title = {Human Activity Recognition with Smartphones},
  howpublished = {[online] Available at: https://www.kaggle.com/uciml/human-activity-recognition-with-smartphones/home },
  note = {Accessed: 2018-08-05}
}

@article{ApplicationHAR,
  title={Application of Machine Learning Techniques in Human Activity Recognition},
  author={Rana, Jitenkumar Babubhai and Shetty, Rashmi and Jha, Tanya},
  journal={arXiv preprint arXiv:1510.05577},
  year={2015}
}

@misc{Neuro,
  title = {¿Qué es una enfermedad neurodegenerativa?},
  howpublished = {[online] Available at:http://www.neurodegenerationresearch.eu/es/acerca-del-jpnd/que-es-una-enfermedad-neurodegenerativa/},
  note = {Accessed: 2018-08-05}
}

@misc{ParkFound,
  title = {What is Parkinson's?},
  howpublished = {[online] Available at:http://www.parkinson.org/understanding-parkinsons/what-is-parkinsons/},
  note = {Accessed: 2018-08-05}
}

@misc{Estadistica,
  title = {Statistics},
  howpublished = {[online] Available at: http://parkinson.org/Understanding-Parkinsons/Causes-and-Statistics/Statistics},
  note = {Accessed: 2018-08-05}
}

@misc{colprensa, title={"En Colombia hay más de 220.000 personas con Parkinson"}, url={http://www.vanguardia.com/entretenimiento/salud/354103-en-colombia-hay-mas-de-220000-personas-con-parkinson}, journal={Vanguardia.com}, publisher={Vanguardia.com}, author={Colprensa}}

@misc{elcomercio, title={Pacientes con Parkinson podrán medir sus síntomas usando una aplicación}, url={http://www.el-nacional.com/noticias/ciencia-tecnologia/pacientes-con-parkinson-podran-medir-sus-sintomas-usando-una-aplicacion_83983}, journal={El Nacional}, publisher={EL NACIONAL}, author={GDA El Comercio}, year={2017}, month={Mar}}

@article{huang,
  title={Current Trend of Metagenomic Data Analytics for Cyanobacteria Blooms},
  author={Huang, JianDong and Zheng, Huiru Jane and Wang, Haiying},
  journal={Journal of Geoscience and Environment Protection},
  volume={5},
  number={06},
  pages={198},
  year={2017},
  publisher={Scientific Research Publishing}
}

@ONLINE {decisiont,
    author = "Egor Dezhic",
    title  = "Understanding Decision Trees",
    month  = "jun",
    year   = "2017",
    url    = "https://becominghuman.ai/understanding-decision-trees-43032111380f"
}

@ONLINE {randomf,
    author = "Niklas Donges",
    title  = "The Random Forest Algorithm",
    month  = "feb",
    year   = "2018",
    url    = "https://towardsdatascience.com/the-random-forest-algorithm-d457d499ffcd"
}

@ONLINE {supportv,
    author = "Sunil Ray",
    title  = "Understanding Support Vector Machine algorithm from examples (along with code)",
    month  = "sep",
    year   = "2017",
    url    = "https://www.analyticsvidhya.com/blog/2017/09/understaing-support-vector-machine-example-code/"
}

@article{feature,
  title={Feature analysis to human activity recognition},
  author={Suto, Jozsef and Oniga, Stefan and Sitar, Petrica Pop},
  journal={International Journal of Computers Communications \& Control},
  volume={12},
  number={1},
  pages={116--130},
  year={2017}
}

@inproceedings{Angarita,
  title={Human activity recognition on smartphones using a multiclass hardware-friendly support vector machine},
  author={Anguita, Davide and Ghio, Alessandro and Oneto, Luca and Parra, Xavier and Reyes-Ortiz, Jorge L},
  booktitle={International workshop on ambient assisted living},
  pages={216--223},
  year={2012},
  organization={Springer}
}

@article{Anguita,
  title={Energy efficient smartphone-based activity recognition using fixed-point arithmetic},
  author={Anguita, Davide and Ghio, Alessandro and Oneto, Luca and Llanas Parra, Francesc Xavier and Reyes Ortiz, Jorge Luis},
  journal={Journal of universal computer science},
  volume={19},
  number={9},
  pages={1295--1314},
  year={2013}
}

@misc{ boxplot,
       author = "Wikipedia",
       title = "Diagrama de caja --- Wikipedia{,} La enciclopedia libre",
       year = "2018",
       url = "https://es.wikipedia.org/w/index.php?title=Diagrama_de_caja&oldid=110993953",
       note = "[Internet; descargado 2-octubre-2018]"
}

@misc{wowslides_2017, title={Free Machine learning diagram}, url={https://yourfreetemplates.com/free-machine-learning-diagram/}, journal={Free PowerPoint Templates}, author={Wowslides}, year={2017}, month={Nov}}

@book{shalev2014understanding,
  title={Understanding machine learning: From theory to algorithms},
  author={Shalev-Shwartz, Shai and Ben-David, Shai},
  year={2014},
  publisher={Cambridge university press}
}

@article{pca,
  title={An introduction to variable and feature selection},
  author={Guyon, Isabelle and Elisseeff, Andr{\'e}},
  journal={Journal of machine learning research},
  volume={3},
  number={Mar},
  pages={1157--1182},
  year={2003}
}

@incollection{pca2,
  title={Principal component analysis},
  author={Jolliffe, Ian},
  booktitle={International encyclopedia of statistical science},
  pages={1094--1096},
  year={2011},
  publisher={Springer}
}

@misc{Kernel, title={Build with AI}, url={https://deepai.org/machine-learning-glossary-and-terms/support-vector-machine}, journal={DeepAI}}

@article{elble2016using,
  title={Using portable transducers to measure tremor severity},
  author={Elble, Rodger J and McNames, James},
  journal={Tremor and Other Hyperkinetic Movements},
  volume={6},
  year={2016},
  publisher={Center for Digital Research and Scholarship}
}