
@article{kimHAR,
  title={Human activity recognition and pattern discovery},
  author={Kim, Eunju and Helal, Sumi and Cook, Diane},
  journal={IEEE Pervasive Computing/IEEE Computer Society [and] IEEE Communications Society},
  volume={9},
  number={1},
  pages={48},
  year={2010},
  publisher={NIH Public Access}
}

